<record><leader>00000cas a22000007a 4500</leader><controlfield tag="001">39760131</controlfield><controlfield tag="008">980828d19161921vaucr ne      0    0eng d</controlfield><datafield ind1=" " ind2=" " tag="010"><subfield code="a">sn 98068460 </subfield></datafield><datafield ind1=" " ind2=" " tag="040"><subfield code="a">NVK</subfield><subfield code="b">eng</subfield><subfield code="c">NVK</subfield><subfield code="d">OCLCQ</subfield><subfield code="d">OCLCF</subfield><subfield code="d">OCLCO</subfield></datafield><datafield ind1="1" ind2=" " tag="029"><subfield code="a">AU@</subfield><subfield code="b">000014197126</subfield></datafield><datafield ind1=" " ind2=" " tag="042"><subfield code="a">msc</subfield></datafield><datafield ind1=" " ind2=" " tag="043"><subfield code="a">n-us-va</subfield></datafield><datafield ind1="0" ind2=" " tag="130"><subfield code="a">Twin City times (Basic City, Va.)</subfield></datafield><datafield ind1="1" ind2="4" tag="245"><subfield code="a">The Twin City times.</subfield></datafield><datafield ind1=" " ind2=" " tag="260"><subfield code="a">Basic City, Va. :</subfield><subfield code="b">Twin City Pub. Co.</subfield></datafield><datafield ind1=" " ind2=" " tag="300"><subfield code="a">v.</subfield></datafield><datafield ind1=" " ind2=" " tag="310"><subfield code="a">Semiweekly</subfield></datafield><datafield ind1="1" ind2=" " tag="362"><subfield code="a">Began in 1916; ceased in 1921.</subfield><subfield code="z">Cf. Cappon, L.J., Va. newspapers.</subfield></datafield><datafield ind1=" " ind2=" " tag="500"><subfield code="a">Editor: Emmet G. Coleman.</subfield></datafield><datafield ind1=" " ind2=" " tag="500"><subfield code="a">Waynesboro and Basic both in dateline.</subfield></datafield><datafield ind1=" " ind2=" " tag="500"><subfield code="a">Basic City was consolidated with Waynesboro in 1923.</subfield></datafield><datafield ind1=" " ind2=" " tag="588"><subfield code="a">Description based on: Vol. 2, no. 35 (May 4, 1917).</subfield></datafield><datafield ind1=" " ind2="0" tag="651"><subfield code="a">Basic City (Va.)</subfield><subfield code="v">Newspapers.</subfield></datafield><datafield ind1=" " ind2="0" tag="651"><subfield code="a">Waynesboro (Va.)</subfield><subfield code="v">Newspapers.</subfield></datafield><datafield ind1=" " ind2="7" tag="655"><subfield code="a">Newspapers.</subfield><subfield code="2">fast</subfield><subfield code="0">(OCoLC)fst01423814</subfield></datafield><datafield ind1=" " ind2="7" tag="651"><subfield code="a">Virginia</subfield><subfield code="z">Basic City.</subfield><subfield code="2">fast</subfield><subfield code="0">(OCoLC)fst01887144</subfield></datafield><datafield ind1=" " ind2="7" tag="651"><subfield code="a">Virginia</subfield><subfield code="z">Waynesboro.</subfield><subfield code="2">fast</subfield><subfield code="0">(OCoLC)fst01222309</subfield></datafield><datafield ind1=" " ind2=" " tag="752"><subfield code="a">United States</subfield><subfield code="b">Virginia</subfield><subfield code="c">Augusta</subfield><subfield code="d">Basic City.</subfield></datafield><datafield ind1=" " ind2=" " tag="752"><subfield code="a">United States</subfield><subfield code="b">Virginia</subfield><subfield code="d">Waynesboro.</subfield></datafield><datafield ind1="0" ind2="0" tag="785"><subfield code="t">Blue Ridge star</subfield></datafield></record>